<?xml version="1.0" encoding="UTF-8"?><record xmlns="http://www.loc.gov/MARC21/slim" xmlns:cinclude="http://apache.org/cocoon/include/1.0" xmlns:zs="http://www.loc.gov/zing/srw/">
  <leader>00530nz  a2200157n  4500</leader>
  <controlfield tag="001">no2007076796</controlfield>
  <controlfield tag="003">DLC</controlfield>
  <controlfield tag="005">20070712075244.0</controlfield>
  <controlfield tag="008">070710n| acannaabn          |a aaa     c</controlfield>
  <datafield tag="010" ind1=" " ind2=" ">
    <subfield code="a">no2007076796</subfield>
  </datafield>
  <datafield tag="035" ind1=" " ind2=" ">
    <subfield code="a">(OCoLC)oca07459715</subfield>
  </datafield>
  <datafield tag="040" ind1=" " ind2=" ">
    <subfield code="a">NBuU</subfield>
    <subfield code="b">eng</subfield>
    <subfield code="c">NBuU</subfield>
  </datafield>
  <datafield tag="100" ind1="1" ind2=" ">
    <subfield code="a">Strumpf, Hal J.</subfield>
  </datafield>
  <datafield tag="400" ind1="1" ind2=" ">
    <subfield code="a">Strumpf, H.</subfield>
    <subfield code="q">(Hal)</subfield>
  </datafield>
  <datafield tag="670" ind1=" " ind2=" ">
    <subfield code="a">Advanced heat receiver conceptual design study, 1987:</subfield>
    <subfield code="b">t.p. (Hal J. Strumpf)</subfield>
  </datafield>
  <datafield tag="670" ind1=" " ind2=" ">
    <subfield code="a">OCLC, July 10, 2007</subfield>
    <subfield code="b">(hdg.: Strumpf, Hal J.; Strumpf, H. J.; Strumpf, H.; usage: Hal J. Strumpf; H. Strumpf)</subfield>
  </datafield>
</record>